<?xml version="1.0" encoding="UTF-8"?>
<!DOCTYPE html PUBLIC "-//W3C//DTD XHTML 1.0 Transitional//EN"
    "http://www.w3.org/TR/xhtml1/DTD/xhtml1-transitional.dtd">
<html xmlns="http://www.w3.org/1999/xhtml" xml:lang="en" lang="en">
 <head>
  <title>
</title>
<meta http-equiv="Content-Type" content="text/html;charset=utf-8" />
  <meta name='ocr-system' content='tesseract 3.04.00' />
  <meta name='ocr-capabilities' content='ocr_page ocr_carea ocr_par ocr_line ocrx_word'/>
</head>
<body>
  <div class='ocr_page' id='page_1' title='image "./metrologicorums01hultgoog_0337.png"; bbox 0 0 905 1325; ppageno 0'>
   <div class='ocr_carea' id='block_1_1' title="bbox 144 122 710 157">
    <p class='ocr_par' dir='ltr' id='par_1_1' title="bbox 144 122 710 157">
     <span class='ocr_line' id='line_1_1' title="bbox 144 122 710 157; baseline 0.007 -14"><span class='ocrx_word' id='word_1_1' title='bbox 144 125 204 150; x_wconf 80' lang='lat'><strong>[103]</strong></span> <span class='ocrx_word' id='word_1_2' title='bbox 231 150 239 157; x_wconf 44' lang='grc' dir='ltr'>ι</span> <span class='ocrx_word' id='word_1_3' title='bbox 283 132 295 144; x_wconf 72' lang='grc' dir='ltr'><strong>Ε</strong></span> <span class='ocrx_word' id='word_1_4' title='bbox 307 131 461 145; x_wconf 69' lang='lat' dir='ltr'>mxmoomms</span> <span class='ocrx_word' id='word_1_5' title='bbox 475 122 580 145; x_wconf 42' lang='lat' dir='ltr'>nxomrrssss.</span> <span class='ocrx_word' id='word_1_6' title='bbox 673 127 710 147; x_wconf 85' lang='lat'>311</span> 
     </span>
    </p>
   </div>
   <div class='ocr_carea' id='block_1_2' title="bbox 144 166 737 1078">
    <p class='ocr_par' dir='ltr' id='par_1_2' title="bbox 144 166 728 378">
     <span class='ocr_line' id='line_1_2' title="bbox 144 166 710 196; baseline 0.005 -6"><span class='ocrx_word' id='word_1_7' title='bbox 144 171 174 191; x_wconf 82' lang='grc' dir='ltr'>δὲ</span> <span class='ocrx_word' id='word_1_8' title='bbox 188 171 201 191; x_wconf 82' lang='grc' dir='ltr'>ὁ</span> <span class='ocrx_word' id='word_1_9' title='bbox 210 166 238 191; x_wconf 76' lang='grc' dir='ltr'>εἷς</span> <span class='ocrx_word' id='word_1_10' title='bbox 248 170 307 191; x_wconf 81' lang='grc' dir='ltr'>ταύτὸ</span> <span class='ocrx_word' id='word_1_11' title='bbox 321 170 371 195; x_wconf 83' lang='grc' dir='ltr'>ὅπερ</span> <span class='ocrx_word' id='word_1_12' title='bbox 383 171 414 190; x_wconf 71' lang='grc' dir='ltr'>καὶ</span> <span class='ocrx_word' id='word_1_13' title='bbox 422 171 434 190; x_wconf 89' lang='grc' dir='ltr'>ὁ</span> <span class='ocrx_word' id='word_1_14' title='bbox 443 172 526 195; x_wconf 83' lang='grc' dir='ltr'>χρυςοῦς</span> <span class='ocrx_word' id='word_1_15' title='bbox 538 171 591 196; x_wconf 84' lang='grc' dir='ltr'>παρᾶ</span> <span class='ocrx_word' id='word_1_16' title='bbox 601 173 643 192; x_wconf 80' lang='grc' dir='ltr'>τοῖς</span> <span class='ocrx_word' id='word_1_17' title='bbox 652 173 710 193; x_wconf 81' lang='grc' dir='ltr'>Ἀττι-</span> 
     </span>
     <span class='ocr_line' id='line_1_3' title="bbox 144 201 709 227; baseline 0.004 -6"><span class='ocrx_word' id='word_1_18' title='bbox 144 202 198 222; x_wconf 83' lang='grc' dir='ltr'>κοῖς</span> <span class='ocrx_word' id='word_1_19' title='bbox 209 201 360 225; x_wconf 82' lang='grc' dir='ltr'>ὀνομαζόμενος</span> <span class='ocrx_word' id='word_1_20' title='bbox 376 201 482 226; x_wconf 71' lang='grc' dir='ltr'>ἐκλήθησαν</span> <span class='ocrx_word' id='word_1_21' title='bbox 494 202 516 222; x_wconf 77' lang='grc' dir='ltr'>δὲ</span> <span class='ocrx_word' id='word_1_22' title='bbox 527 202 620 227; x_wconf 85' lang='grc' dir='ltr'>Δαρεικοὶ</span> <span class='ocrx_word' id='word_1_23' title='bbox 630 203 674 227; x_wconf 86' lang='grc' dir='ltr'>οὐχ,</span> <span class='ocrx_word' id='word_1_24' title='bbox 682 203 709 223; x_wconf 76' lang='grc' dir='ltr'>ῶς</span> 
     </span>
     <span class='ocr_line' id='line_1_4' title="bbox 146 232 709 257; baseline 0.005 -6"><span class='ocrx_word' id='word_1_25' title='bbox 146 232 171 252; x_wconf 81' lang='grc' dir='ltr'>οἱ</span> <span class='ocrx_word' id='word_1_26' title='bbox 194 232 279 252; x_wconf 67' lang='grc' dir='ltr'>πλεῖςτοι</span> <span class='ocrx_word' id='word_1_27' title='bbox 297 232 417 256; x_wconf 80' lang='grc' dir='ltr'>νομίζουςιν,</span> <span class='ocrx_word' id='word_1_28' title='bbox 434 232 475 252; x_wconf 88' lang='grc' dir='ltr'>ἀπὸ</span> <span class='ocrx_word' id='word_1_29' title='bbox 487 232 574 257; x_wconf 66' lang='grc' dir='ltr'>Δαρείου</span> <span class='ocrx_word' id='word_1_30' title='bbox 585 234 620 253; x_wconf 87' lang='grc' dir='ltr'>τοῦ</span> <span class='ocrx_word' id='word_1_31' title='bbox 633 233 709 257; x_wconf 80' lang='grc' dir='ltr'>Ξέρξου</span> 
     </span>
     <span class='ocr_line' id='line_1_5' title="bbox 145 262 708 288; baseline 0.004 -6"><span class='ocrx_word' id='word_1_32' title='bbox 145 262 240 287; x_wconf 84' lang='grc' dir='ltr'>πατρός,</span> <span class='ocrx_word' id='word_1_33' title='bbox 252 262 299 282; x_wconf 71' lang='grc' dir='ltr'>ἀλλ’</span> <span class='ocrx_word' id='word_1_34' title='bbox 310 262 350 287; x_wconf 48' lang='grc' dir='ltr'>ἀιρὁ</span> <span class='ocrx_word' id='word_1_35' title='bbox 361 262 429 287; x_wconf 85' lang='grc' dir='ltr'>ἑτέρου</span> <span class='ocrx_word' id='word_1_36' title='bbox 446 263 498 283; x_wconf 76' lang='grc' dir='ltr'>τινος</span> <span class='ocrx_word' id='word_1_37' title='bbox 513 264 644 288; x_wconf 83' lang='grc' dir='ltr'>παλαιοτέρου</span> <span class='ocrx_word' id='word_1_38' title='bbox 658 265 708 288; x_wconf 76' lang='grc' dir='ltr'>βαςι-</span> 
     </span>
     <span class='ocr_line' id='line_1_6' title="bbox 144 293 728 319; baseline 0.003 -6"><span class='ocrx_word' id='word_1_39' title='bbox 144 293 210 313; x_wconf 82' lang='grc' dir='ltr'>λέως.</span> <span class='ocrx_word' id='word_1_40' title='bbox 219 293 329 316; x_wconf 83' lang='grc' dir='ltr'>λέγουςι·δέ</span> <span class='ocrx_word' id='word_1_41' title='bbox 337 298 389 314; x_wconf 85' lang='grc' dir='ltr'>τινες</span> <span class='ocrx_word' id='word_1_42' title='bbox 397 293 489 313; x_wconf 79' lang='grc' dir='ltr'>δύναςθαι</span> <span class='ocrx_word' id='word_1_43' title='bbox 497 294 533 314; x_wconf 80' lang='grc' dir='ltr'>τὸν</span> <span class='ocrx_word' id='word_1_44' title='bbox 542 294 640 318; x_wconf 83' lang='grc' dir='ltr'>Δαρεικὸν</span> <span class='ocrx_word' id='word_1_45' title='bbox 650 294 708 319; x_wconf 84' lang='grc' dir='ltr'>ἀργυ-</span> <span class='ocrx_word' id='word_1_46' title='bbox 718 299 728 314; x_wconf 81' lang='lat'><strong>5</strong></span> 
     </span>
     <span class='ocr_line' id='line_1_7' title="bbox 145 322 707 349; baseline 0.004 -6"><span class='ocrx_word' id='word_1_47' title='bbox 145 324 189 348; x_wconf 85' lang='grc' dir='ltr'>ρᾶς</span> <span class='ocrx_word' id='word_1_48' title='bbox 196 323 283 347; x_wconf 80' lang='grc' dir='ltr'>δραχμὰς</span> <span class='ocrx_word' id='word_1_49' title='bbox 293 322 316 347; x_wconf 78' lang='grc' dir='ltr'>κ’,</span> <span class='ocrx_word' id='word_1_50' title='bbox 325 323 354 343; x_wconf 82' lang='grc' dir='ltr'>ὡς</span> <span class='ocrx_word' id='word_1_51' title='bbox 363 323 409 343; x_wconf 78' lang='grc' dir='ltr'>τοὺς</span> <span class='ocrx_word' id='word_1_52' title='bbox 419 323 547 348; x_wconf 83' lang='grc' dir='ltr'>ε’Δαρεικούς</span> <span class='ocrx_word' id='word_1_53' title='bbox 556 324 647 345; x_wconf 79' lang='grc' dir='ltr'>δύναςθαι</span> <span class='ocrx_word' id='word_1_54' title='bbox 657 326 707 349; x_wconf 82' lang='grc' dir='ltr'>μνᾶν</span> 
     </span>
     <span class='ocr_line' id='line_1_8' title="bbox 145 354 252 378; baseline -0.01 -4"><span class='ocrx_word' id='word_1_55' title='bbox 145 354 252 378; x_wconf 77' lang='grc' dir='ltr'>ἀργυρίου.</span> 
     </span>
    </p>

    <p class='ocr_par' dir='ltr' id='par_1_3' title="bbox 192 384 707 410">
     <span class='ocr_line' id='line_1_9' title="bbox 192 384 707 410; baseline 0.002 -6.014"><span class='ocrx_word' id='word_1_56' title='bbox 192 384 311 408; x_wconf 71' lang='grc' dir='ltr'>’.Επιτρίταις</span> <span class='ocrx_word' id='word_1_57' title='bbox 332 384 400 404; x_wconf 81' lang='grc' dir='ltr'>Ἰςαῖος</span> <span class='ocrx_word' id='word_1_58' title='bbox 415 384 437 404; x_wconf 88' lang='grc' dir='ltr'>ἐν</span> <span class='ocrx_word' id='word_1_59' title='bbox 452 386 481 410; x_wconf 82' lang='grc' dir='ltr'>τῷ</span> <span class='ocrx_word' id='word_1_60' title='bbox 496 385 545 407; x_wconf 85' lang='grc' dir='ltr'>κατὰ</span> <span class='ocrx_word' id='word_1_61' title='bbox 560 385 707 410; x_wconf 83' lang='grc' dir='ltr'>Καλλιφωντος·</span> 
     </span>
    </p>

    <p class='ocr_par' dir='ltr' id='par_1_4' title="bbox 146 404 737 500">
     <span class='ocr_line' id='line_1_10' title="bbox 147 404 705 440; baseline 0.002 -6.019"><span class='ocrx_word' id='word_1_62' title='bbox 147 414 267 435; x_wconf 71' lang='grc' dir='ltr'>’ἑξακοςίαις</span> <span class='ocrx_word' id='word_1_63' title='bbox 276 415 369 439; x_wconf 77' lang='grc' dir='ltr'>δραχμαῖς</span> <span class='ocrx_word' id='word_1_64' title='bbox 377 404 496 439; x_wconf 50' lang='lat' dir='ltr'>{nu-pirus&amp;</span> <span class='ocrx_word' id='word_1_65' title='bbox 506 415 549 435; x_wconf 84' lang='grc' dir='ltr'>ἀντὶ</span> <span class='ocrx_word' id='word_1_66' title='bbox 556 417 592 435; x_wconf 89' lang='grc' dir='ltr'>τοῦ</span> <span class='ocrx_word' id='word_1_67' title='bbox 598 416 630 435; x_wconf 82' lang='grc' dir='ltr'>ἐπὶ</span> <span class='ocrx_word' id='word_1_68' title='bbox 638 422 650 439; x_wconf 89' lang='grc' dir='ltr'>η</span> <span class='ocrx_word' id='word_1_69' title='bbox 650 414 705 440; x_wconf 65' lang='grc' dir='ltr'>ἰὀβο</span> 
     </span>
     <span class='ocr_line' id='line_1_11' title="bbox 146 445 737 470; baseline 0 -5"><span class='ocrx_word' id='word_1_70' title='bbox 146 446 205 469; x_wconf 79' lang='grc' dir='ltr'>λοῖς,</span> <span class='ocrx_word' id='word_1_71' title='bbox 218 445 267 465; x_wconf 86' lang='grc' dir='ltr'>κατὰ</span> <span class='ocrx_word' id='word_1_72' title='bbox 278 445 301 465; x_wconf 81' lang='grc' dir='ltr'>τὸ</span> <span class='ocrx_word' id='word_1_73' title='bbox 313 445 379 469; x_wconf 86' lang='grc' dir='ltr'>τρίτον</span> <span class='ocrx_word' id='word_1_74' title='bbox 392 445 442 465; x_wconf 76' lang='grc' dir='ltr'>εἶναι</span> <span class='ocrx_word' id='word_1_75' title='bbox 457 445 516 469; x_wconf 85' lang='grc' dir='ltr'>μέρος</span> <span class='ocrx_word' id='word_1_76' title='bbox 530 446 578 465; x_wconf 88' lang='grc' dir='ltr'>τοὺς</span> <span class='ocrx_word' id='word_1_77' title='bbox 590 445 608 470; x_wconf 86' lang='grc' dir='ltr'>η’</span> <span class='ocrx_word' id='word_1_78' title='bbox 621 446 706 470; x_wconf 82' lang='grc' dir='ltr'>ὀβολοὺς</span> <span class='ocrx_word' id='word_1_79' title='bbox 717 450 737 465; x_wconf 83' lang='grc' dir='ltr'>ιο</span> 
     </span>
     <span class='ocr_line' id='line_1_12' title="bbox 146 476 349 500; baseline -0.005 -4"><span class='ocrx_word' id='word_1_80' title='bbox 146 477 188 496; x_wconf 88' lang='grc' dir='ltr'>του</span> <span class='ocrx_word' id='word_1_81' title='bbox 198 476 349 500; x_wconf 74' lang='grc' dir='ltr'>τετραδράχμου.</span> 
     </span>
    </p>

    <p class='ocr_par' dir='ltr' id='par_1_5' title="bbox 146 506 735 713">
     <span class='ocr_line' id='line_1_13' title="bbox 189 506 705 532; baseline 0.004 -7.032"><span class='ocrx_word' id='word_1_82' title='bbox 189 506 308 530; x_wconf 61' lang='lat' dir='ltr'>’eumaeum</span> <span class='ocrx_word' id='word_1_83' title='bbox 327 506 452 531; x_wconf 82' lang='grc' dir='ltr'>Δημοςθένης</span> <span class='ocrx_word' id='word_1_84' title='bbox 465 506 487 526; x_wconf 84' lang='grc' dir='ltr'>ἐν</span> <span class='ocrx_word' id='word_1_85' title='bbox 499 508 527 532; x_wconf 78' lang='grc' dir='ltr'>τῷ</span> <span class='ocrx_word' id='word_1_86' title='bbox 537 507 586 527; x_wconf 86' lang='grc' dir='ltr'>κατὰ</span> <span class='ocrx_word' id='word_1_87' title='bbox 598 507 705 532; x_wconf 76' lang='grc' dir='ltr'>Ετεφὰνου.</span> 
     </span>
     <span class='ocr_line' id='line_1_14' title="bbox 146 536 705 562; baseline 0.002 -6"><span class='ocrx_word' id='word_1_88' title='bbox 146 536 245 561; x_wconf 79' lang='grc' dir='ltr'>ἐπιτίμιόν</span> <span class='ocrx_word' id='word_1_89' title='bbox 254 536 304 556; x_wconf 77' lang='grc' dir='ltr'>ἐςτιν</span> <span class='ocrx_word' id='word_1_90' title='bbox 315 537 327 561; x_wconf 85' lang='grc' dir='ltr'>ἡ</span> <span class='ocrx_word' id='word_1_91' title='bbox 337 536 434 561; x_wconf 82' lang='grc' dir='ltr'>ἐπωβελία</span> <span class='ocrx_word' id='word_1_92' title='bbox 442 537 466 557; x_wconf 81' lang='grc' dir='ltr'>τὸ</span> <span class='ocrx_word' id='word_1_93' title='bbox 476 537 532 557; x_wconf 77' lang='grc' dir='ltr'>ἕκτον</span> <span class='ocrx_word' id='word_1_94' title='bbox 541 537 600 562; x_wconf 88' lang='grc' dir='ltr'>μέρος</span> <span class='ocrx_word' id='word_1_95' title='bbox 608 538 644 557; x_wconf 83' lang='grc' dir='ltr'>τοῦ</span> <span class='ocrx_word' id='word_1_96' title='bbox 653 537 705 561; x_wconf 84' lang='grc' dir='ltr'>τιμή-</span> 
     </span>
     <span class='ocr_line' id='line_1_15' title="bbox 147 566 703 594; baseline 0.002 -7"><span class='ocrx_word' id='word_1_97' title='bbox 147 573 221 592; x_wconf 82' lang='grc' dir='ltr'>ματος,</span> <span class='ocrx_word' id='word_1_98' title='bbox 232 567 281 591; x_wconf 83' lang='grc' dir='ltr'>ὅπερ</span> <span class='ocrx_word' id='word_1_99' title='bbox 289 566 378 588; x_wconf 79' lang='grc' dir='ltr'>ἑδίδοςαν</span> <span class='ocrx_word' id='word_1_100' title='bbox 391 567 410 587; x_wconf 84' lang='grc' dir='ltr'>οἱ</span> <span class='ocrx_word' id='word_1_101' title='bbox 422 568 527 594; x_wconf 79' lang='grc' dir='ltr'>διώκοντες</span> <span class='ocrx_word' id='word_1_102' title='bbox 539 568 581 588; x_wconf 87' lang='grc' dir='ltr'>τοῖς</span> <span class='ocrx_word' id='word_1_103' title='bbox 591 568 703 592; x_wconf 76' lang='grc' dir='ltr'>φεύγουςιν,</span> 
     </span>
     <span class='ocr_line' id='line_1_16' title="bbox 146 597 735 622; baseline 0 -5"><span class='ocrx_word' id='word_1_104' title='bbox 146 598 166 618; x_wconf 88' lang='grc' dir='ltr'>εἰ</span> <span class='ocrx_word' id='word_1_105' title='bbox 180 599 206 622; x_wconf 83' lang='grc' dir='ltr'>μὴ</span> <span class='ocrx_word' id='word_1_106' title='bbox 218 598 287 618; x_wconf 83' lang='grc' dir='ltr'>ἕλοιεν.</span> <span class='ocrx_word' id='word_1_107' title='bbox 304 598 392 618; x_wconf 84' lang='grc' dir='ltr'>ἐκαλεῖτο</span> <span class='ocrx_word' id='word_1_108' title='bbox 405 598 427 618; x_wconf 84' lang='grc' dir='ltr'>δὲ</span> <span class='ocrx_word' id='word_1_109' title='bbox 439 597 512 621; x_wconf 85' lang='grc' dir='ltr'>οὕτως,</span> <span class='ocrx_word' id='word_1_110' title='bbox 527 598 557 618; x_wconf 84' lang='grc' dir='ltr'>ὅτι</span> <span class='ocrx_word' id='word_1_111' title='bbox 569 598 614 618; x_wconf 83' lang='grc' dir='ltr'>καθ’</span> <span class='ocrx_word' id='word_1_112' title='bbox 624 598 704 622; x_wconf 79' lang='grc' dir='ltr'>ἑκάςτην</span> <span class='ocrx_word' id='word_1_113' title='bbox 716 602 735 617; x_wconf 72' lang='lat'>1⁵</span> 
     </span>
     <span class='ocr_line' id='line_1_17' title="bbox 146 628 704 653; baseline 0 -5"><span class='ocrx_word' id='word_1_114' title='bbox 146 629 238 653; x_wconf 78' lang='grc' dir='ltr'>δραχμὴν</span> <span class='ocrx_word' id='word_1_115' title='bbox 248 628 319 652; x_wconf 84' lang='grc' dir='ltr'>ὀβολὸς</span> <span class='ocrx_word' id='word_1_116' title='bbox 329 628 364 652; x_wconf 88' lang='grc' dir='ltr'>ἦν,</span> <span class='ocrx_word' id='word_1_117' title='bbox 377 628 427 652; x_wconf 80' lang='grc' dir='ltr'>ὅπερ</span> <span class='ocrx_word' id='word_1_118' title='bbox 437 628 495 648; x_wconf 77' lang='grc' dir='ltr'>ἕκτον</span> <span class='ocrx_word' id='word_1_119' title='bbox 504 628 554 648; x_wconf 84' lang='grc' dir='ltr'>ἐςτὶν</span> <span class='ocrx_word' id='word_1_120' title='bbox 564 628 586 649; x_wconf 86' lang='grc' dir='ltr'>ἐν</span> <span class='ocrx_word' id='word_1_121' title='bbox 595 629 615 648; x_wconf 74' lang='grc' dir='ltr'>ἓξ</span> <span class='ocrx_word' id='word_1_122' title='bbox 624 628 704 653; x_wconf 83' lang='grc' dir='ltr'>ὀβολοῖς</span> 
     </span>
     <span class='ocr_line' id='line_1_18' title="bbox 146 658 703 683; baseline 0.002 -5"><span class='ocrx_word' id='word_1_123' title='bbox 146 660 184 683; x_wconf 85' lang='grc' dir='ltr'>τῆς</span> <span class='ocrx_word' id='word_1_124' title='bbox 193 659 279 683; x_wconf 81' lang='grc' dir='ltr'>δραχμῆς</span> <span class='ocrx_word' id='word_1_125' title='bbox 291 659 422 683; x_wconf 83' lang='grc' dir='ltr'>λογιζομένης.</span> <span class='ocrx_word' id='word_1_126' title='bbox 441 658 463 679; x_wconf 87' lang='grc' dir='ltr'>ἐκ</span> <span class='ocrx_word' id='word_1_127' title='bbox 473 659 554 679; x_wconf 84' lang='grc' dir='ltr'>πολλῶν</span> <span class='ocrx_word' id='word_1_128' title='bbox 564 659 586 679; x_wconf 78' lang='grc' dir='ltr'>δέ</span> <span class='ocrx_word' id='word_1_129' title='bbox 595 659 634 679; x_wconf 87' lang='grc' dir='ltr'>ἐςτι</span> <span class='ocrx_word' id='word_1_130' title='bbox 644 660 703 679; x_wconf 88' lang='grc' dir='ltr'>τοῦτο</span> 
     </span>
     <span class='ocr_line' id='line_1_19' title="bbox 147 689 352 713; baseline -0.005 -4"><span class='ocrx_word' id='word_1_131' title='bbox 147 689 213 709; x_wconf 84' lang='grc' dir='ltr'>οὕτως</span> <span class='ocrx_word' id='word_1_132' title='bbox 223 689 271 713; x_wconf 82' lang='grc' dir='ltr'>ἔχον</span> <span class='ocrx_word' id='word_1_133' title='bbox 280 690 352 712; x_wconf 86' lang='grc' dir='ltr'>μαθεῖν.</span> 
     </span>
    </p>

    <p class='ocr_par' dir='ltr' id='par_1_6' title="bbox 146 719 733 866">
     <span class='ocr_line' id='line_1_20' title="bbox 186 719 703 745; baseline 0.002 -6.016"><span class='ocrx_word' id='word_1_134' title='bbox 186 719 287 743; x_wconf 83' lang='grc' dir='ltr'>Ἡμῖεκτον</span> <span class='ocrx_word' id='word_1_135' title='bbox 293 720 323 739; x_wconf 86' lang='grc' dir='ltr'>καὶ</span> <span class='ocrx_word' id='word_1_136' title='bbox 329 719 459 743; x_wconf 80' lang='grc' dir='ltr'>ἡμιμέδιμνον.</span> <span class='ocrx_word' id='word_1_137' title='bbox 472 719 582 744; x_wconf 78' lang='grc' dir='ltr'>Δείναρχος</span> <span class='ocrx_word' id='word_1_138' title='bbox 591 720 613 740; x_wconf 69' lang='grc' dir='ltr'>ἐν</span> <span class='ocrx_word' id='word_1_139' title='bbox 622 722 646 745; x_wconf 79' lang='grc' dir='ltr'>τῇ</span> <span class='ocrx_word' id='word_1_140' title='bbox 655 721 703 740; x_wconf 76' lang='grc' dir='ltr'>κατὰ</span> 
     </span>
     <span class='ocr_line' id='line_1_21' title="bbox 148 749 733 774; baseline -0.002 -4"><span class='ocrx_word' id='word_1_141' title='bbox 148 750 288 770; x_wconf 84' lang='grc' dir='ltr'>Καλλιςθένοιις</span> <span class='ocrx_word' id='word_1_142' title='bbox 299 750 410 774; x_wconf 78' lang='grc' dir='ltr'>εἰςαγγελίᾳ.</span> <span class='ocrx_word' id='word_1_143' title='bbox 423 750 459 769; x_wconf 85' lang='grc' dir='ltr'>τοῦ</span> <span class='ocrx_word' id='word_1_144' title='bbox 468 749 559 773; x_wconf 78' lang='grc' dir='ltr'>μεδίμνου</span> <span class='ocrx_word' id='word_1_145' title='bbox 571 750 653 774; x_wconf 85' lang='grc' dir='ltr'>ἔχοντος</span> <span class='ocrx_word' id='word_1_146' title='bbox 662 750 703 774; x_wconf 83' lang='grc' dir='ltr'>χοί-</span> <span class='ocrx_word' id='word_1_147' title='bbox 713 754 733 768; x_wconf 73' lang='lat'>20</span> 
     </span>
     <span class='ocr_line' id='line_1_22' title="bbox 146 779 702 805; baseline 0 -5"><span class='ocrx_word' id='word_1_148' title='bbox 146 787 203 801; x_wconf 87' lang='grc' dir='ltr'>νικας</span> <span class='ocrx_word' id='word_1_149' title='bbox 215 780 245 805; x_wconf 86' lang='grc' dir='ltr'>μη’</span> <span class='ocrx_word' id='word_1_150' title='bbox 254 781 277 800; x_wconf 85' lang='grc' dir='ltr'>τὸ</span> <span class='ocrx_word' id='word_1_151' title='bbox 288 781 368 805; x_wconf 78' lang='grc' dir='ltr'>χωροῦν</span> <span class='ocrx_word' id='word_1_152' title='bbox 377 779 405 799; x_wconf 79' lang='grc' dir='ltr'>κδ’</span> <span class='ocrx_word' id='word_1_153' title='bbox 414 780 499 804; x_wconf 73' lang='grc' dir='ltr'>χοίνικας</span> <span class='ocrx_word' id='word_1_154' title='bbox 510 780 634 804; x_wconf 78' lang='grc' dir='ltr'>ἡμιμέδιμνόν</span> <span class='ocrx_word' id='word_1_155' title='bbox 645 781 702 805; x_wconf 75' lang='grc' dir='ltr'>ἐστιν,</span> 
     </span>
     <span class='ocr_line' id='line_1_23' title="bbox 146 810 702 836; baseline 0 -6"><span class='ocrx_word' id='word_1_156' title='bbox 146 811 237 836; x_wconf 80' lang='grc' dir='ltr'>ἡμίεκτον</span> <span class='ocrx_word' id='word_1_157' title='bbox 246 811 268 830; x_wconf 83' lang='grc' dir='ltr'>δὲ</span> <span class='ocrx_word' id='word_1_158' title='bbox 278 811 301 830; x_wconf 85' lang='grc' dir='ltr'>τὸ</span> <span class='ocrx_word' id='word_1_159' title='bbox 311 811 390 835; x_wconf 85' lang='grc' dir='ltr'>χωροῦν</span> <span class='ocrx_word' id='word_1_160' title='bbox 400 810 416 830; x_wconf 74' lang='grc' dir='ltr'>δ’</span> <span class='ocrx_word' id='word_1_161' title='bbox 424 810 519 834; x_wconf 81' lang='grc' dir='ltr'>χοίνικας,</span> <span class='ocrx_word' id='word_1_162' title='bbox 529 811 564 830; x_wconf 88' lang='grc' dir='ltr'>τοῦ</span> <span class='ocrx_word' id='word_1_163' title='bbox 574 810 641 834; x_wconf 82' lang='grc' dir='ltr'>ἕκτου,</span> <span class='ocrx_word' id='word_1_164' title='bbox 652 811 702 835; x_wconf 82' lang='grc' dir='ltr'>ὅπερ</span> 
     </span>
     <span class='ocr_line' id='line_1_24' title="bbox 147 840 413 866; baseline -0.008 -4"><span class='ocrx_word' id='word_1_165' title='bbox 147 842 186 862; x_wconf 85' lang='grc' dir='ltr'>ἐςτὶ</span> <span class='ocrx_word' id='word_1_166' title='bbox 194 841 278 866; x_wconf 73' lang='grc' dir='ltr'>χοίνικες</span> <span class='ocrx_word' id='word_1_167' title='bbox 285 840 309 865; x_wconf 84' lang='grc' dir='ltr'>η’,</span> <span class='ocrx_word' id='word_1_168' title='bbox 320 841 343 861; x_wconf 79' lang='grc' dir='ltr'>τὸ</span> <span class='ocrx_word' id='word_1_169' title='bbox 352 841 413 864; x_wconf 84' lang='grc' dir='ltr'>ἥμιςυ.</span> 
     </span>
    </p>

    <p class='ocr_par' dir='ltr' id='par_1_7' title="bbox 145 871 731 987">
     <span class='ocr_line' id='line_1_25' title="bbox 186 871 700 897; baseline -0.002 -5"><span class='ocrx_word' id='word_1_170' title='bbox 186 872 291 896; x_wconf 81' lang='grc' dir='ltr'>Μέδιμνος.</span> <span class='ocrx_word' id='word_1_171' title='bbox 308 871 419 895; x_wconf 79' lang='grc' dir='ltr'>Δείναρχος</span> <span class='ocrx_word' id='word_1_172' title='bbox 428 871 450 891; x_wconf 86' lang='grc' dir='ltr'>ἐν</span> <span class='ocrx_word' id='word_1_173' title='bbox 459 873 487 897; x_wconf 81' lang='grc' dir='ltr'>τῷ</span> <span class='ocrx_word' id='word_1_174' title='bbox 499 871 547 891; x_wconf 83' lang='grc' dir='ltr'>κατὰ</span> <span class='ocrx_word' id='word_1_175' title='bbox 557 871 700 892; x_wconf 77' lang='grc' dir='ltr'>Καλλκθένους.</span> 
     </span>
     <span class='ocr_line' id='line_1_26' title="bbox 146 901 731 927; baseline -0.002 -5"><span class='ocrx_word' id='word_1_176' title='bbox 146 903 219 927; x_wconf 85' lang='grc' dir='ltr'>μέτρον</span> <span class='ocrx_word' id='word_1_177' title='bbox 232 902 271 922; x_wconf 56' lang='lat' dir='ltr'>&amp;cxl</span> <span class='ocrx_word' id='word_1_178' title='bbox 282 903 357 926; x_wconf 81' lang='grc' dir='ltr'>ξηρῶν,</span> <span class='ocrx_word' id='word_1_179' title='bbox 370 901 414 922; x_wconf 80' lang='grc' dir='ltr'>οἷον</span> <span class='ocrx_word' id='word_1_180' title='bbox 426 902 495 926; x_wconf 85' lang='grc' dir='ltr'>πυρῶν</span> <span class='ocrx_word' id='word_1_181' title='bbox 508 902 521 925; x_wconf 84' lang='grc' dir='ltr'>ἢ</span> <span class='ocrx_word' id='word_1_182' title='bbox 533 902 612 926; x_wconf 83' lang='grc' dir='ltr'>κριθῶν,</span> <span class='ocrx_word' id='word_1_183' title='bbox 625 902 664 926; x_wconf 85' lang='grc' dir='ltr'>ἔχει</span> <span class='ocrx_word' id='word_1_184' title='bbox 678 903 700 922; x_wconf 80' lang='grc' dir='ltr'>δὲ</span> <span class='ocrx_word' id='word_1_185' title='bbox 711 905 731 920; x_wconf 77' lang='lat'>2⁵</span> 
     </span>
     <span class='ocr_line' id='line_1_27' title="bbox 146 932 700 958; baseline -0.002 -5"><span class='ocrx_word' id='word_1_186' title='bbox 146 933 232 958; x_wconf 78' lang='grc' dir='ltr'>χοίνικας</span> <span class='ocrx_word' id='word_1_187' title='bbox 242 932 279 957; x_wconf 87' lang='grc' dir='ltr'>μη’,</span> <span class='ocrx_word' id='word_1_188' title='bbox 290 932 338 952; x_wconf 84' lang='grc' dir='ltr'>καθά</span> <span class='ocrx_word' id='word_1_189' title='bbox 348 938 395 957; x_wconf 84' lang='grc' dir='ltr'>φηςι</span> <span class='ocrx_word' id='word_1_190' title='bbox 403 932 510 956; x_wconf 83' lang='grc' dir='ltr'>Νίκανδρος</span> <span class='ocrx_word' id='word_1_191' title='bbox 519 932 531 952; x_wconf 85' lang='grc' dir='ltr'>ὁ</span> <span class='ocrx_word' id='word_1_192' title='bbox 540 932 670 957; x_wconf 84' lang='grc' dir='ltr'>θυατειρηνὸς</span> <span class='ocrx_word' id='word_1_193' title='bbox 679 933 700 952; x_wconf 78' lang='grc' dir='ltr'>ἐν</span> 
     </span>
     <span class='ocr_line' id='line_1_28' title="bbox 145 962 565 987; baseline -0.002 -4"><span class='ocrx_word' id='word_1_194' title='bbox 145 965 188 983; x_wconf 81' lang='grc' dir='ltr'>τοῖς</span> <span class='ocrx_word' id='word_1_195' title='bbox 197 963 315 987; x_wconf 85' lang='grc' dir='ltr'>ἐξηγητικοῖς</span> <span class='ocrx_word' id='word_1_196' title='bbox 322 963 357 986; x_wconf 83' lang='grc' dir='ltr'>τῆς</span> <span class='ocrx_word' id='word_1_197' title='bbox 365 963 449 986; x_wconf 86' lang='grc' dir='ltr'>Ἀττικῆς</span> <span class='ocrx_word' id='word_1_198' title='bbox 459 962 565 982; x_wconf 78' lang='grc' dir='ltr'>διαλέκτου,</span> 
     </span>
    </p>

    <p class='ocr_par' dir='ltr' id='par_1_8' title="bbox 146 992 730 1078">
     <span class='ocr_line' id='line_1_29' title="bbox 186 992 700 1018; baseline 0 -5"><span class='ocrx_word' id='word_1_199' title='bbox 186 993 315 1018; x_wconf 87' lang='grc' dir='ltr'>Μετρονόμοι.</span> <span class='ocrx_word' id='word_1_200' title='bbox 335 993 384 1017; x_wconf 88' lang='grc' dir='ltr'>ἀρχή</span> <span class='ocrx_word' id='word_1_201' title='bbox 393 999 422 1013; x_wconf 85' lang='grc' dir='ltr'>τις</span> <span class='ocrx_word' id='word_1_202' title='bbox 430 992 529 1017; x_wconf 85' lang='grc' dir='ltr'>Ἀθήνηςίν</span> <span class='ocrx_word' id='word_1_203' title='bbox 539 993 589 1013; x_wconf 83' lang='grc' dir='ltr'>ἐςτιν</span> <span class='ocrx_word' id='word_1_204' title='bbox 597 993 609 1016; x_wconf 86' lang='grc' dir='ltr'>ἡ</span> <span class='ocrx_word' id='word_1_205' title='bbox 618 994 658 1013; x_wconf 81' lang='grc' dir='ltr'>τῶν</span> <span class='ocrx_word' id='word_1_206' title='bbox 667 999 700 1017; x_wconf 89' lang='grc' dir='ltr'>με-</span> 
     </span>
     <span class='ocr_line' id='line_1_30' title="bbox 146 1023 699 1049; baseline -0.004 -5"><span class='ocrx_word' id='word_1_207' title='bbox 146 1024 260 1048; x_wconf 84' lang='grc' dir='ltr'>τρονόμων,</span> <span class='ocrx_word' id='word_1_208' title='bbox 270 1024 298 1043; x_wconf 77' lang='grc' dir='ltr'>ὡς</span> <span class='ocrx_word' id='word_1_209' title='bbox 307 1023 417 1048; x_wconf 87' lang='grc' dir='ltr'>Δείναρχος</span> <span class='ocrx_word' id='word_1_210' title='bbox 425 1023 447 1043; x_wconf 89' lang='grc' dir='ltr'>ἐν</span> <span class='ocrx_word' id='word_1_211' title='bbox 458 1025 486 1049; x_wconf 80' lang='grc' dir='ltr'>τῷ</span> <span class='ocrx_word' id='word_1_212' title='bbox 498 1024 546 1043; x_wconf 78' lang='grc' dir='ltr'>κατὰ</span> <span class='ocrx_word' id='word_1_213' title='bbox 556 1023 699 1043; x_wconf 84' lang='grc' dir='ltr'>Καλλιςθένους.</span> 
     </span>
     <span class='ocr_line' id='line_1_31' title="bbox 146 1053 730 1078; baseline -0.003 -4"><span class='ocrx_word' id='word_1_214' title='bbox 146 1054 194 1078; x_wconf 83' lang='grc' dir='ltr'>ἦςαν</span> <span class='ocrx_word' id='word_1_215' title='bbox 203 1055 225 1074; x_wconf 79' lang='grc' dir='ltr'>δὲ</span> <span class='ocrx_word' id='word_1_216' title='bbox 235 1055 271 1075; x_wconf 88' lang='grc' dir='ltr'>τὸν</span> <span class='ocrx_word' id='word_1_217' title='bbox 281 1054 362 1078; x_wconf 81' lang='grc' dir='ltr'>ἀριθμὸν</span> <span class='ocrx_word' id='word_1_218' title='bbox 372 1053 400 1077; x_wconf 84' lang='grc' dir='ltr'>ιε’,</span> <span class='ocrx_word' id='word_1_219' title='bbox 410 1054 437 1075; x_wconf 71' lang='grc' dir='ltr'>εἰς</span> <span class='ocrx_word' id='word_1_220' title='bbox 445 1055 480 1078; x_wconf 83' lang='grc' dir='ltr'>μὲν</span> <span class='ocrx_word' id='word_1_221' title='bbox 489 1054 524 1073; x_wconf 81' lang='grc' dir='ltr'>τὸν</span> <span class='ocrx_word' id='word_1_222' title='bbox 535 1054 616 1077; x_wconf 80' lang='grc' dir='ltr'>Πειραιᾶ</span> <span class='ocrx_word' id='word_1_223' title='bbox 625 1053 646 1077; x_wconf 86' lang='grc' dir='ltr'>ε’,</span> <span class='ocrx_word' id='word_1_224' title='bbox 657 1053 669 1073; x_wconf 71' lang='grc' dir='ltr'>ι’</span> <span class='ocrx_word' id='word_1_225' title='bbox 677 1054 699 1073; x_wconf 77' lang='grc' dir='ltr'>δὲ</span> <span class='ocrx_word' id='word_1_226' title='bbox 710 1057 730 1071; x_wconf 78' lang='lat'>30</span> 
     </span>
    </p>
   </div>
   <div class='ocr_carea' id='block_1_3' title="bbox 145 1097 269 1101">
    <p class='ocr_par' dir='ltr' id='par_1_9' title="bbox 145 1097 269 1101">
     <span class='ocr_line' id='line_1_32' title="bbox 145 1097 269 1101; baseline 0 0"><span class='ocrx_word' id='word_1_227' title='bbox 145 1097 269 1101; x_wconf 95' lang='lat' dir='ltr'> </span> 
     </span>
    </p>
   </div>
   <div class='ocr_carea' id='block_1_4' title="bbox 146 1112 698 1161">
    <p class='ocr_par' dir='ltr' id='par_1_10' title="bbox 146 1112 698 1161">
     <span class='ocr_line' id='line_1_33' title="bbox 187 1112 698 1136; baseline -0.002 -5"><span class='ocrx_word' id='word_1_228' title='bbox 187 1117 212 1132; x_wconf 78' lang='lat'>50.</span> <span class='ocrx_word' id='word_1_229' title='bbox 224 1115 248 1131; x_wconf 76' lang='grc' dir='ltr'>εἰς</span> <span class='ocrx_word' id='word_1_230' title='bbox 259 1115 290 1135; x_wconf 77' lang='grc' dir='ltr'>μὲν</span> <span class='ocrx_word' id='word_1_231' title='bbox 300 1115 333 1131; x_wconf 80' lang='grc' dir='ltr'>τὸν</span> <span class='ocrx_word' id='word_1_232' title='bbox 339 1115 411 1134; x_wconf 68' lang='grc' dir='ltr'>Πειραιᾶ</span> <span class='ocrx_word' id='word_1_233' title='bbox 422 1113 440 1134; x_wconf 84' lang='grc' dir='ltr'>ε’,</span> <span class='ocrx_word' id='word_1_234' title='bbox 452 1112 462 1130; x_wconf 77' lang='grc' dir='ltr'>ι’</span> <span class='ocrx_word' id='word_1_235' title='bbox 468 1115 488 1136; x_wconf 52' lang='grc' dir='ltr'>,δὲ</span> <span class='ocrx_word' id='word_1_236' title='bbox 494 1114 519 1130; x_wconf 69' lang='grc' dir='ltr'>εἰς</span> <span class='ocrx_word' id='word_1_237' title='bbox 529 1114 571 1131; x_wconf 73' lang='lat' dir='ltr'><strong>‹lc-ru</strong></span> <span class='ocrx_word' id='word_1_238' title='bbox 579 1120 621 1131; x_wconf 71' lang='lat' dir='ltr'>corr.</span> <span class='ocrx_word' id='word_1_239' title='bbox 629 1114 698 1130; x_wconf 75' lang='lat' dir='ltr'>Boeoklu.</span> 
     </span>
     <span class='ocr_line' id='line_1_34' title="bbox 146 1137 698 1161; baseline 0 -6"><span class='ocrx_word' id='word_1_240' title='bbox 146 1140 254 1157; x_wconf 62' lang='lat' dir='ltr'>Stwulmoete.</span> <span class='ocrx_word' id='word_1_241' title='bbox 262 1141 271 1157; x_wconf 93' lang='lat'>1</span> <span class='ocrx_word' id='word_1_242' title='bbox 282 1146 298 1161; x_wconf 82' lang='lat' dir='ltr'>p.</span> <span class='ocrx_word' id='word_1_243' title='bbox 306 1141 326 1156; x_wconf 84' lang='lat'>⁷⁰</span> <span class='ocrx_word' id='word_1_244' title='bbox 338 1140 370 1160; x_wconf 74' lang='lat' dir='ltr'>(ed.</span> <span class='ocrx_word' id='word_1_245' title='bbox 379 1140 424 1160; x_wconf 73' lang='lat' dir='ltr'>alt.);</span> <span class='ocrx_word' id='word_1_246' title='bbox 435 1141 502 1155; x_wconf 71' lang='lat' dir='ltr'>inverso</span> <span class='ocrx_word' id='word_1_247' title='bbox 513 1140 571 1156; x_wconf 74' lang='lat' dir='ltr'><strong>ordine</strong></span> <span class='ocrx_word' id='word_1_248' title='bbox 582 1138 592 1155; x_wconf 90' lang='grc' dir='ltr'>ι’</span> <span class='ocrx_word' id='word_1_249' title='bbox 600 1142 617 1155; x_wconf 70' lang='lat' dir='ltr'>et</span> <span class='ocrx_word' id='word_1_250' title='bbox 628 1137 641 1155; x_wconf 86' lang='grc' dir='ltr'>ε’</span> <span class='ocrx_word' id='word_1_251' title='bbox 648 1140 698 1160; x_wconf 75' lang='lat' dir='ltr'>vulgo</span> 
     </span>
    </p>
   </div>
   <div class='ocr_carea' id='block_1_5' title="bbox 670 1232 679 1248">
    <p class='ocr_par' dir='ltr' id='par_1_11' title="bbox 670 1232 679 1248">
     <span class='ocr_line' id='line_1_35' title="bbox 670 1232 679 1248; baseline 0 0"><span class='ocrx_word' id='word_1_252' title='bbox 670 1232 679 1248; x_wconf 72' lang='lat' dir='ltr'>i</span> 
     </span>
    </p>
   </div>
  </div>
 </body>
</html>
